<?xml version="1.0" encoding="UTF-8"?>
<collection xmlns:xsi="http://www.w3.org/2001/XMLSchema-instance" xsi:schemaLocation="http://www.loc.gov/MARC21/slim http://www.loc.gov/standards/marcxml/schema/MARC21slim.xsd" xmlns="http://www.loc.gov/MARC21/slim">
<record>
  <leader>00850cam a2200217Mi 4500</leader>
  <controlfield tag="001">4271899</controlfield>
  <controlfield tag="003">NNC</controlfield>
  <controlfield tag="005">20150920223043.0</controlfield>
  <controlfield tag="008">910823s1970    iq            000 0 ara d</controlfield>
  <datafield tag="035" ind1=" " ind2=" ">
    <subfield code="a">(OCoLC)ocm33922082</subfield>
  </datafield>
  <datafield tag="035" ind1=" " ind2=" ">
    <subfield code="a">(NNC)4271899</subfield>
  </datafield>
  <datafield tag="040" ind1=" " ind2=" ">
    <subfield code="a">HLS</subfield>
    <subfield code="c">HLS</subfield>
    <subfield code="d">OCLCQ</subfield>
    <subfield code="d">ZCU</subfield>
  </datafield>
  <datafield tag="099" ind1=" " ind2=" ">
    <subfield code="a">956</subfield>
    <subfield code="a">Ir32</subfield>
    <subfield code="a">no.16</subfield>
  </datafield>
  <datafield tag="100" ind1="1" ind2=" ">
    <subfield code="a">Laqīṭ ibn Yaʻmur.</subfield>
  </datafield>
  <datafield tag="245" ind1="1" ind2="0">
    <subfield code="a">Dīwān Laqīṭ ibn Yaʻmur al-Iyādī :</subfield>
    <subfield code="b">riwayat Abī al-Mundhir Hishām ibn Muḥammad al-Sāʾib al-Kalbī /</subfield>
    <subfield code="c">Laqīṭ ibn Yaʻmur al-Iyādī ; taḥqīq wa-taʻlīq wa-taqdīm Khalīl Ibrāhīm al-ʻAṭīyah.</subfield>
  </datafield>
  <datafield tag="260" ind1=" " ind2=" ">
    <subfield code="a">[Baghdad] :</subfield>
    <subfield code="b">Wazārat al-Iʻlām, Mudīrīyat al-Thaqāfah al-ʻĀmmah,</subfield>
    <subfield code="c">1970</subfield>
  </datafield>
  <datafield tag="300" ind1=" " ind2=" ">
    <subfield code="a">81 p. ;</subfield>
    <subfield code="c">24 cm.</subfield>
  </datafield>
  <datafield tag="490" ind1="1" ind2=" ">
    <subfield code="a">Silsilat Kutub al-turāth ;</subfield>
    <subfield code="v">16</subfield>
  </datafield>
  <datafield tag="500" ind1=" " ind2=" ">
    <subfield code="a">Poems.</subfield>
  </datafield>
  <datafield tag="830" ind1=" " ind2="0">
    <subfield code="a">Silsilat Kutub al-turāth ;</subfield>
    <subfield code="v">16.</subfield>
  </datafield>
  <datafield tag="955" ind1=" " ind2=" ">
    <subfield code="b">0026813211</subfield>
    <subfield code="d">glx</subfield>
    <subfield code="e">956 Ir32 no.16</subfield>
  </datafield>
</record>
</collection>